<record><leader>00000cas a22000007a 4500</leader><controlfield tag="001">31805340</controlfield><controlfield tag="008">950112d185u1852txuwr ne      0    0eng d</controlfield><datafield ind1=" " ind2=" " tag="010"><subfield code="a">sn 95078902 </subfield></datafield><datafield ind1=" " ind2=" " tag="040"><subfield code="a">PPM</subfield><subfield code="b">eng</subfield><subfield code="c">PPM</subfield><subfield code="d">OCLCQ</subfield></datafield><datafield ind1=" " ind2=" " tag="042"><subfield code="a">msc</subfield></datafield><datafield ind1="0" ind2="4" tag="245"><subfield code="a">The Lone star and southern watch tower.</subfield></datafield><datafield ind1="1" ind2="3" tag="246"><subfield code="a">Lone star</subfield></datafield><datafield ind1=" " ind2=" " tag="260"><subfield code="a">Washington, Tex. :</subfield><subfield code="b">D.H. Rankin</subfield></datafield><datafield ind1=" " ind2=" " tag="300"><subfield code="a">v.</subfield></datafield><datafield ind1=" " ind2=" " tag="310"><subfield code="a">Weekly</subfield></datafield><datafield ind1="1" ind2=" " tag="362"><subfield code="a">Ceased in 1852.</subfield></datafield><datafield ind1=" " ind2=" " tag="588"><subfield code="a">Description based on : vol. 2, no. 13 (Apr. 5, 1851).</subfield></datafield><datafield ind1=" " ind2=" " tag="752"><subfield code="a">United States</subfield><subfield code="b">Texas</subfield><subfield code="c">Washington</subfield><subfield code="d">Washington.</subfield></datafield><datafield ind1="0" ind2="0" tag="780"><subfield code="t">Lone star (Brenham, Tex. : 1849)</subfield><subfield code="w">(DLC)sn 86088137</subfield></datafield><datafield ind1="0" ind2="0" tag="785"><subfield code="t">Lone star (Washington, Tex.)</subfield><subfield code="w">(DLC)sn 95078903</subfield></datafield><datafield ind1="1" ind2=" " tag="029"><subfield code="a">AU@</subfield><subfield code="b">000011501885</subfield></datafield></record>